%%%%%%%%%%%%%%%%%%%%%%%%%%%%%%%%%%%%%%%%%%%%%%%%%%%%%%%
%%%    OTHER    %%%
@proceedings{KirkFF,
title="Controlling plasma eruptions in tokamaks",
year={2016},
month={April},
series={Fusion Frontiers Lectures},
Note = "Kirk, A",
}

@misc{WEBSITES,
  title = {Shedding Light on Quantum Physics},
  institution = {LLNL},
  note ={LLNL, Visited 9/3/16},
  url = {https://str.llnl.gov/str/June05/Aufderheide.html}
}

%%%%%%%%%%%%%%%%%%%%%%%%%%%%%%%%%%%%%%%%%%%%%%%%%%%%%%%%%%%%%
%%%    MENDELEY   %%%%%%%%%%%%%

@article{Becoulet2005,
annote = {looks good for an overview of ELMs up to 2005},
author = {Becoulet, M. and Huysmans, G. and Thomas, P. and Joffrin, E. and Rimini, F. and Monier-Garbet, P. and Grosman, A. and Ghendrih, P. and Parail, V. and Lomas, P. and Matthews, G. and Wilson, H. and Gryaznevich, M. and Counsell, G. and Loarte, A. and Saibene, G. and Sartori, R. and Leonard, A. and Snyder, P. and Evans, T. and Gohil, P. and Moyer, R. and Kamada, Y. and Oyama, N. and Hatae, T. and Kamiya, K. and Degeling, A. and Martin, Y. and Lister, J. and Rapp, J. and Perez, C. and Lang, P. and Chankin, A. and Eich, T. and Sips, A. and Stober, J. and Horton, L. and Kallenbach, A. and Suttrop, W. and Saarelma, S. and Cowley, S. and L??nnroth, J. and Shimada, M. and Polevoi, A. and Federici, G.},
doi = {10.1016/j.jnucmat.2004.09.074},
file = {:home/joa509/.local/share/data/Mendeley Ltd./Mendeley Desktop/Downloaded/Becoulet et al. - 2005 - Edge localized modes control Experiment and theory.pdf:pdf},
issn = {00223115},
journal = {Journal of Nuclear Materials},
keywords = {ELM,ELM control,Edge modelling},
number = {1-3 SPEC. ISS.},
pages = {677--683},
title = {{Edge localized modes control: Experiment and theory}},
volume = {337-339},
year = {2005}
}
@article{Chapman2014,
author = {Chapman, I.T. and Kirk, A. and Akers, R.J. and Ham, C.J. and Harrison, J.R. and Hawke, J. and Liu, Y.Q. and McClements, K.G. and Pamela, S. and Saarelma, S. and Scannell, R. and Thornton, A.J.},
doi = {10.1088/0029-5515/54/12/123003},
file = {:home/joa509/.local/share/data/Mendeley Ltd./Mendeley Desktop/Downloaded/Chapman et al. - 2014 - Assessing the merits of resonant magnetic perturbations with different toroidal mode numbers for controlling edg.pdf:pdf},
isbn = {0029-5515},
issn = {0029-5515},
journal = {Nuclear Fusion},
keywords = {1,edge localised modes,elm mitigation,elms,in colour only in,introduction and background,mast,occur at the periphery,of,rmps,some figures may appear,the online journal},
number = {12},
pages = {123003},
title = {{Assessing the merits of resonant magnetic perturbations with different toroidal mode numbers for controlling edge localised modes}},
url = {http://stacks.iop.org/0029-5515/54/i=12/a=123003},
volume = {54},
year = {2014}
}
@article{Connor2008,
annote = {figures to use},
author = {Connor, J. W. and Kirk, A. and Wilson, H. R. and Benkadda, Sadruddin},
doi = {10.1063/1.2939030},
file = {:home/joa509/.local/share/data/Mendeley Ltd./Mendeley Desktop/Downloaded/Connor et al. - 2008 - Edge Localised Modes (ELMs) Experiments and Theory.pdf:pdf},
issn = {0094243X},
journal = {AIP Conference Proceedings},
pages = {174--190},
title = {{Edge Localised Modes (ELMs): Experiments and Theory}},
url = {http://link.aip.org/link/APCPCS/v1013/i1/p174/s1{\&}Agg=doi},
volume = {1013},
year = {2008}
}
@article{D.A.N.Muller2014,
archivePrefix = {arXiv},
arxivId = {arXiv:1011.1669v3},
author = {{D.A.N. Muller}, H Peter and V.H. Hansteen},
doi = {10.1007/s13398-014-0173-7.2},
eprint = {arXiv:1011.1669v3},
file = {:home/joa509/.local/share/data/Mendeley Ltd./Mendeley Desktop/Downloaded/D.A.N. Muller - 2014 - PLASMA CONDENSATION IN SOLAR CORONAL LOOPS II. “CATASTROPHIC COOLING” AND HIGH-SPEED DOWNFLOWS.pdf:pdf},
isbn = {9780874216561},
issn = {13514180},
journal = {Igarss 2014},
keywords = {high resolution images,research,risks management,sustainable reconstruction},
number = {1},
pages = {1--5},
pmid = {15991970},
title = {{PLASMA CONDENSATION IN SOLAR CORONAL LOOPS: II. “CATASTROPHIC COOLING” AND HIGH-SPEED DOWNFLOWS}},
year = {2014}
}
@article{DelaLuna2016,
author = {de la Luna, E. and Chapman, I.T. and Rimini, F. and Lomas, P.J. and Saibene, G. and Koechl, F. and Sartori, R. and Saarelma, S. and Albanese, R. and Flanagan, J. and Maviglia, F. and Parail, V. and Sips, A.C.C. and Solano, E.R. and JET contributors},
doi = {10.1088/0029-5515/56/2/026001},
file = {:home/joa509/.local/share/data/Mendeley Ltd./Mendeley Desktop/Downloaded/de la Luna et al. - 2016 - Understanding the physics of ELM pacing via vertical kicks in JET in view of ITER.pdf:pdf},
issn = {0029-5515},
journal = {Nuclear Fusion},
number = {2},
pages = {026001},
publisher = {IOP Publishing},
title = {{Understanding the physics of ELM pacing via vertical kicks in JET in view of ITER}},
url = {http://dx.doi.org/10.1088/0029-5515/56/2/026001},
volume = {56},
year = {2016}
}
@article{Doyle1991,
annote = {Cited [5] in ELM review Hill 1997 - 3 types of ELMs have been identified},
author = {Doyle, E J and Groebner, R J and Burrell, K H and Gohil, P and Lehecka, T and Luhmann, N C and Matsumoto, H and Osborne, T H and Peebles, W a and Philipona, R},
doi = {10.1063/1.859597},
file = {:home/joa509/Fusion{\_}Frontiers/Papers/1.859597.pdf:pdf},
isbn = {0899-8221},
issn = {08998221},
journal = {Physics of Fluids B-Plasma Physics},
keywords = {3 types ELMs},
mendeley-tags = {3 types ELMs},
number = {8},
pages = {2300--2307},
title = {{Modifications in Turbulence and Edge Electric-Fields at the L-H Transition in the Diii-D Tokamak}},
url = {{\textless}Go to ISI{\textgreater}://A1991FY45100022},
volume = {3},
year = {1991}
}
@article{Dudson,
author = {Dudson, Ben and Leddy, J and Lipschultz, B and Walkden, N},
file = {:home/joa509/.local/share/data/Mendeley Ltd./Mendeley Desktop/Downloaded/Dudson et al. - Unknown - BOUT neutrals progress report.pdf:pdf},
title = {{BOUT ++ neutrals progress report}}
}
@article{Eich2013,
author = {Eich, T. and Leonard, A.W. and Pitts, R.a. and Fundamenski, W. and Goldston, R.J. and Gray, T.K. and Herrmann, A. and Kirk, A. and Kallenbach, A. and Kardaun, O. and Kukushkin, A.S. and LaBombard, B. and Maingi, R. and Makowski, M.a. and Scarabosio, A. and Sieglin, B. and Terry, J. and Thornton, A.},
doi = {10.1088/0029-5515/53/9/093031},
file = {:home/joa509/Fusion{\_}Frontiers/Papers/nf13{\_}9{\_}093031.pdf:pdf},
issn = {0029-5515},
journal = {Nuclear Fusion},
number = {9},
pages = {093031},
title = {{Scaling of the tokamak near the scrape-off layer H-mode power width and implications for ITER}},
url = {http://iopscience.iop.org/0029-5515/53/9/093031/article/},
volume = {53},
year = {2013}
}
@article{EJDoyleChairTransportPhysics2007,
author = {{EJ Doyle (Chair Transport Physics)} and {WA Houlberg (Chair Confinement Database} and Modelling) and {Y Kamada (Chair Pedestal} and Edge) and {V Mukhovatov (co-Chair Transport Physics)} and {TH Osborne (co-Chair Pedestal} and {A Polevoi (co-Chair Confinement Database} and {G Bateman} and {JW Connor} and {JG Cordey (retired)} and {T Fujita} and {X Garbet} and {TS Hahm} and {LD Horton} and {AE Hubbard} and {F Imbeaux} and {F Jenko} and {JE Kinsey} and {Y Kishimoto} and {J Li} and {TC Luce} and {Y Martin} and {M Ossipenko} and {V Parail} and {A Peeters} and {TL Rhodes} and {JE Rice} and {CM Roach} and {V Rozhansky} and {F Ryter} and {G Saibene} and {R Sartori} and {ACC Sips} and {JA Snipes} and {M Sugihara} and {EJ Synakowski} and {H Takenaga} and {T Takizuka} and {K Thomsen} and {MR Wade} and {HR Wilson} and {ITPA Transport Physics Topical Group} and {ITPA Confinement Database} and {Modelling Topical Group} and {ITPA Pedestal} and {Edge Topical Group} and Physics), E J Doyle (Chair Transport and Database, W A Houlberg (Chair Confinement and Pedestal, Y Kamada (Chair and Physics), V Mukhovatov (co-Chair Transport and Pedestal, T H Osborne (co-Chair and Database, A Polevoi (co-Chair Confinement and Bateman, G and Connor, J W and (retired), J G Cordey and Fujita, T and Garbet, X and Hahm, T S and Horton, L D and Hubbard, A E and Imbeaux, F and Jenko, F and Kinsey, J E and Kishimoto, Y and Li, J and Luce, T C and Martin, Y and Ossipenko, M and Parail, V and Peeters, A and Rhodes, T L and Rice, J E and Roach, C M and Rozhansky, V and Ryter, F and Saibene, G and Sartori, R and Sips, A C C and Snipes, J A and Sugihara, M and Synakowski, E J and Takenaga, H and Takizuka, T and Thomsen, K and Wade, M R and Wilson, H R and Group, ITPA Transport Physics Topical and Database, ITPA Confinement and Group, Modelling Topical and Pedestal, ITPA and Group, Edge Topical and Doyle, E J and Houlberg, W A and Kamada, Y and Mukhovatov, V and Osborne, T H and Polevoi, A and Cordey, J G},
doi = {10.1088/0029-5515/47/6/S02},
file = {:home/joa509/.local/share/data/Mendeley Ltd./Mendeley Desktop/Downloaded/EJ Doyle (Chair Transport Physics) et al. - 2007 - Chapter 2 Plasma confinement and transport.pdf:pdf},
isbn = {0029-5515},
issn = {0029-5515},
journal = {Nuclear Fusion},
number = {6},
pages = {S18},
title = {{Chapter 2: Plasma confinement and transport}},
url = {file:////media/DATOS/BIBLIOTECA/Journals/Doyle{\_}nf7{\_}6{\_}S02.pdf},
volume = {47},
year = {2007}
}
@article{Evans2008,
author = {Evans, T E and Fenstermacher, M E and Moyer, R A and Osborne, T H and Watkins, J G and Gohil, P and Joseph, I and Schaffer, M J and Baylor, L R and Becoulet, M and Boedo, J A and Burrell, K H and Degrassie, J S and Finken, K H and Jernigan, T and Jakubowski, M W and Lasnier, C J and Lelmen, M and Leonard, A W and Lonnroth, J and Nardon, E and Parail, V and Schmitz, O and Unterberg, B and West, W P},
doi = {10.1088/0029-5515/48/2/024002},
file = {:home/joa509/.local/share/data/Mendeley Ltd./Mendeley Desktop/Downloaded/Evans et al. - 2008 - RMP ELM suppression in DIII-D plasmas with ITER similar shapes and collisionalities.pdf:pdf},
isbn = {0029-5515},
issn = {0029-5515},
journal = {Nuclear Fusion},
keywords = {D TOKAMAK,ENERGY,ERROR-FIELD,MAGNETIC PERTURBATIONS,PARTICLE,TRANSPORT},
number = {2},
pages = {10},
title = {{RMP ELM suppression in DIII-D plasmas with ITER similar shapes and collisionalities}},
url = {http://iopscience.iop.org/0029-5515/48/2/024002/pdf/0029-5515{\_}48{\_}2{\_}024002.pdf},
volume = {48},
year = {2008}
}
@article{Evans2015,
author = {Evans, T. E.},
doi = {10.1088/0741-3335/57/12/123001},
file = {:home/joa509/.local/share/data/Mendeley Ltd./Mendeley Desktop/Downloaded/Evans - 2015 - Resonant magnetic perturbations of edge-plasmas in toroidal confinement devices.pdf:pdf},
issn = {0741-3335},
journal = {Plasma Physics and Controlled Fusion},
number = {12},
pages = {123001},
publisher = {IOP Publishing},
title = {{Resonant magnetic perturbations of edge-plasmas in toroidal confinement devices}},
url = {http://stacks.iop.org/0741-3335/57/i=12/a=123001?key=crossref.700af3dd7c7e5bd71b91c4fab061f29a},
volume = {57},
year = {2015}
}
@article{Evans2005,
author = {Evans, T. E. and Moyer, R. A. and Watkins, J. G. and Thomas, P. R. and Osborne, T. H. and Boedo, J. A. and Fenstermacher, M. E. and Finken, K. H. and Groebner, R. J. and Groth, M. and Harris, J. and Jackson, G. L. and {La Haye}, R. J. and Lasnier, C. J. and Schaffer, M. J. and Wang, G. and Zeng, L.},
doi = {10.1016/j.jnucmat.2004.10.062},
file = {:home/joa509/.local/share/data/Mendeley Ltd./Mendeley Desktop/Downloaded/Evans et al. - 2005 - Suppression of large edge localized modes in high confinement DIII-D plasmas with a stochastic magnetic boundary.pdf:pdf},
isbn = {0022-3115},
issn = {00223115},
journal = {Journal of Nuclear Materials},
keywords = {DIII-D,Divertor,ELM control,Edge pedestal,Stochastic boundary},
number = {1-3 SPEC. ISS.},
pages = {691--696},
pmid = {15245164},
title = {{Suppression of large edge localized modes in high confinement DIII-D plasmas with a stochastic magnetic boundary}},
volume = {337-339},
year = {2005}
}
@article{Federici2003,
author = {Federici, G and Loarte, A and Strohmayer, G},
doi = {10.1088/0741-3335/45/9/301},
file = {:home/joa509/Fusion{\_}Frontiers/Papers/p30901.pdf:pdf},
issn = {0741-3335},
journal = {Plasma Physics and Controlled Fusion},
number = {9},
pages = {1523--1547},
title = {{Assessment of erosion of the ITER divertor targets during type I ELMs}},
volume = {45},
year = {2003}
}
@article{Fielding2001,
author = {Fielding, S. J. and Buttery, R. J. and Field, A. R. and Jones, P. B. and Meyer, H. and Valovic, M.},
file = {:home/joa509/.local/share/data/Mendeley Ltd./Mendeley Desktop/Downloaded/Fielding et al. - 2001 - ELM control in COMPASS-D.pdf:pdf},
journal = {28th EPS Conference on Fusion and Plasma Physics, Funchal, 18-22 June 2001, Vol. 25A.},
number = {June},
pages = {1825--1828},
title = {{ELM control in COMPASS-D}},
volume = {25},
year = {2001}
}
@article{G.VanHovenY.Mok1992,
author = {{G. Van Hoven, Y. Mok}, J.F. Drake.},
file = {:home/joa509/.local/share/data/Mendeley Ltd./Mendeley Desktop/Downloaded/G. Van Hoven, Y. Mok - 1992 - Prominence condensation and magnetic levitation in a coronal loop.pdf:pdf},
number = {1987},
pages = {269--287},
title = {{Prominence condensation and magnetic levitation in a coronal loop}},
year = {1992}
}
@article{Gohil2011,
author = {Gohil, P. and Evans, T.E. and Fenstermacher, M.E. and Ferron, J.R. and Osborne, T.H. and Park, J.M. and Schmitz, O. and Scoville, J.T. and Unterberg, E.A.},
doi = {10.1088/0029-5515/51/10/103020},
file = {:home/joa509/.local/share/data/Mendeley Ltd./Mendeley Desktop/Downloaded/Gohil et al. - 2011 - L–H transition studies on DIII-D to determine H-mode access for operational scenarios in ITER.pdf:pdf},
issn = {0029-5515},
journal = {Nuclear Fusion},
number = {10},
pages = {103020},
title = {{L–H transition studies on DIII-D to determine H-mode access for operational scenarios in ITER}},
url = {http://stacks.iop.org/0029-5515/51/i=10/a=103020?key=crossref.916c043f3a83eb27e0463c909897d8e2},
volume = {51},
year = {2011}
}
@article{Havlickova2014,
archivePrefix = {arXiv},
arxivId = {1406.3246},
author = {Havl{\'{i}}{\v{c}}kov{\'{a}}, E and Fundamenski, W and Wischmeier, M and Fishpool, G and Morris, a W},
doi = {10.1088/0741-3335/56/7/075008},
eprint = {1406.3246},
file = {:home/joa509/.local/share/data/Mendeley Ltd./Mendeley Desktop/Downloaded/Havl{\'{i}}{\v{c}}kov{\'{a}} et al. - 2014 - Investigation of conventional and Super-X divertor configurations of MAST Upgrade using scrape-off layer p.pdf:pdf},
issn = {0741-3335},
journal = {Plasma Physics and Controlled Fusion},
number = {7},
pages = {075008},
title = {{Investigation of conventional and Super-X divertor configurations of MAST Upgrade using scrape-off layer plasma simulation}},
url = {http://stacks.iop.org/0741-3335/56/i=7/a=075008?key=crossref.9ca9870b3a1f6ea78dd013b6049b432c},
volume = {56},
year = {2014}
}
@article{Hill1992,
author = {Hill, D. N. and Futch, A. and Leonard, A. W. and Mahdavi, M. A. and Petrie, T. W. and Buchenauer, D. and Campbell, R. and Cuthbertson, J. W. and Watkins, J. and Moyer, R.},
doi = {10.1016/S0022-3115(06)80032-2},
file = {:home/joa509/.local/share/data/Mendeley Ltd./Mendeley Desktop/Downloaded/Hill et al. - 1992 - The effect of ELMs on edge plasma scaling in DIII-D.pdf:pdf},
isbn = {0022-3115},
issn = {00223115},
journal = {Journal of Nuclear Materials},
number = {C},
pages = {204--209},
title = {{The effect of ELMs on edge plasma scaling in DIII-D}},
volume = {196-198},
year = {1992}
}
@article{Hill1997,
author = {Hill, D.N.},
doi = {10.1016/S0022-3115(97)80039-6},
file = {:home/joa509/.local/share/data/Mendeley Ltd./Mendeley Desktop/Downloaded/Hill - 1997 - A review of ELMs in divertor tokamaks.pdf:pdf},
isbn = {0022-3115},
issn = {00223115},
journal = {Journal of Nuclear Materials},
keywords = {divertor plasma,energy deposition,particle and energy balance,sol plasma,tokamak},
pages = {182--198},
title = {{A review of ELMs in divertor tokamaks}},
url = {http://linkinghub.elsevier.com/retrieve/pii/S0022311597800396},
volume = {241-243},
year = {1997}
}
@article{Hutchinson1994,
author = {Hutchinson, I.H},
doi = {10.1088/0029-5515/34/10/I04},
file = {:home/joa509/.local/share/data/Mendeley Ltd./Mendeley Desktop/Downloaded/Hutchinson - 1994 - Thermal front analysis of detached divertors and MARFEs.pdf:pdf},
issn = {0029-5515},
journal = {Nuclear Fusion},
pages = {1337--1348},
title = {{Thermal front analysis of detached divertors and MARFEs}},
volume = {34},
year = {1994}
}
@article{I.T.Chapman,
author = {{I.T. Chapman} and {M. Becoulet} and {T. Bird} and {J. Canik} and {M. Cianciosa} and {W.A. Cooper} and {T. Evans} and {N. Ferraro} and {C. Fuchs} and {M. Gryaznevich} and {Y. Gribov} and {C. Ham1} and {J. Hanson} and {G. Huijsmans} and {A. Kirk} and {S. Lazerson} and {Y. Liang} and {I. Lupelli} and {R.A. Moyer} and {C. N{\"{u}}hrenberg} and {F. Orain} and {D. Orlov} and {W. Suttrop} and {D. Yadykin} and {the ASDEX Upgrade team} and the DIII-D team and the MAST team and {the NSTX Team} and {the EFDA-JET Contributors}},
doi = {10.1088/0029-5515/54/8/083006},
file = {:home/joa509/.local/share/data/Mendeley Ltd./Mendeley Desktop/Downloaded/I.T. Chapman et al. - Unknown - Three-dimensional distortions of the tokamak plasma boundary boundary displacements in the presence of r.pdf:pdf},
issn = {0029-5515},
journal = {Nuclear Fusion },
number = {083006},
title = {{Three-dimensional distortions of the tokamak plasma boundary: boundary displacements in the presence of resonant magnetic perturbations }},
url = {http://iopscience.iop.org/0029-5515/54/8/083006/},
volume = {54}
}
@article{Jakubowski2009,
author = {Jakubowski, M W and Evans, T E and Fenstermacher, M E and Groth, M and Lasnier, C J and Leonard, A W and Schmitz, O and Watkins, J G and Eich, T and Fundamenski, W and Moyer, R A and Wolf, R C and Baylor, L B and Boedo, J A and Burrell, K H and Frerichs, H and DeGrassie, J S and Gohil, P and Joseph, I and Mordijck, S and Lehnen, M and Petty, C C and Pinsker, R I and Reiter, D and Rhodes, T L and Samm, U and Schaffer, M J and Snyder, P B and Stoschus, H and Osborne, T and Unterberg, B and Unterberg, E and West, W P},
doi = {10.1088/0029-5515/49/9/095013},
file = {:home/joa509/.local/share/data/Mendeley Ltd./Mendeley Desktop/Downloaded/Jakubowski et al. - 2009 - Overview of the results on divertor heat loads in RMP controlled H-mode plasmas on DIII-D.pdf:pdf},
isbn = {0029-5515},
issn = {0029-5515},
journal = {Nuclear Fusion},
keywords = {ASDEX-UPGRADE,DEPOSITION,DYNAMIC ERGODIC DIVERTOR,EDGE,FIELD,MAGNETIC PERTURBATIONS,PLATES,TARGET,TEXTOR,TOKAMAKS,TRANSPORT},
number = {9},
pages = {14},
title = {{Overview of the results on divertor heat loads in RMP controlled H-mode plasmas on DIII-D}},
url = {{\textless}Go to ISI{\textgreater}://WOS:000268936900015$\backslash$nhttp://iopscience.iop.org/0029-5515/49/9/095013/pdf/0029-5515{\_}49{\_}9{\_}095013.pdf},
volume = {49},
year = {2009}
}
@article{Kass1998,
annote = {Reference for difference between Type I and type III ELMs},
author = {Kass, T and G{\"{u}}nter, S and Maraschek, M and Suttrop, W and Zohm, H and Team, ASDEX Upgrade},
doi = {10.1088/0029-5515/38/1/310},
file = {:home/joa509/.local/share/data/Mendeley Ltd./Mendeley Desktop/Downloaded/Kass et al. - 1998 - Characteristics of type I and type III ELM precursors in ASDEX upgrade.pdf:pdf},
issn = {0029-5515},
journal = {Nuclear Fusion},
number = {1},
pages = {111--116},
title = {{Characteristics of type I and type III ELM precursors in ASDEX upgrade}},
url = {http://stacks.iop.org/0029-5515/38/i=1/a=310?key=crossref.4036f227ec24c8f757a85ce472297a92$\backslash$npapers3://publication/doi/10.1088/0029-5515/38/1/310},
volume = {38},
year = {1998}
}
@article{Kirk2013,
archivePrefix = {arXiv},
arxivId = {1306.6841},
author = {Kirk, a and Chapman, I T and Evans, T. E. and Ham, C. and Harrison, J. R. and Huijsmans, G. and Liang, Y. and Liu, Y. Q. and Loarte, A. and Suttrop, W. and Thornton, a. J.},
doi = {10.1088/0741-3335/55/12/124003},
eprint = {1306.6841},
file = {:home/joa509/.local/share/data/Mendeley Ltd./Mendeley Desktop/Downloaded/Kirk et al. - 2013 - Understanding the effect resonant magnetic perturbations have on ELMs.pdf:pdf},
isbn = {0741-3335},
issn = {0031-9007},
journal = {Physical Review Letters},
number = {25},
pages = {32},
title = {{Understanding the effect resonant magnetic perturbations have on ELMs}},
volume = {108},
year = {2013}
}
@article{Kocsis2007,
author = {Kocsis, G. and K{\'{a}}lvin, S. and Lang, P.T. and Maraschek, M. and Neuhauser, J. and Schneider, W. and Szepesi, T.},
doi = {10.1088/0029-5515/47/9/013},
file = {:home/joa509/.local/share/data/Mendeley Ltd./Mendeley Desktop/Downloaded/Kocsis et al. - 2007 - Spatio-temporal investigations on the triggering of pellet induced ELMs.pdf:pdf},
issn = {0029-5515},
journal = {Nuclear Fusion},
number = {9},
pages = {1166--1175},
title = {{Spatio-temporal investigations on the triggering of pellet induced ELMs}},
url = {http://stacks.iop.org/0029-5515/47/i=9/a=013?key=crossref.2004e43474d5d471c8226237057f9a2f},
volume = {47},
year = {2007}
}
@article{Krasheninnikov1997,
author = {Krasheninnikov, S. I. and Pigarov, a. Yu and Knoll, D. a. and LaBombard, B. and Lipschultz, B. and Sigmar, D. J. and Soboleva, T. K. and Terry, J. L. and Wising, F.},
doi = {10.1063/1.872268},
file = {:home/joa509/.local/share/data/Mendeley Ltd./Mendeley Desktop/Downloaded/Krasheninnikov et al. - 1997 - Plasma recombination and molecular effects in tokamak divertors and divertor simulators.pdf:pdf},
isbn = {1070-664X},
issn = {1070-664X, 1089-7674},
journal = {Physics of Plasmas (1994-present)},
number = {1997},
pages = {1638--1646},
title = {{Plasma recombination and molecular effects in tokamak divertors and divertor simulators}},
url = {http://scitation.aip.org/content/aip/journal/pop/4/5/10.1063/1.872268$\backslash$nhttp://scitation.aip.org/deliver/fulltext/aip/journal/pop/4/5/1.872268.pdf?itemId=/content/aip/journal/pop/4/5/10.1063/1.872268{\&}mimeType=pdf{\&}containerItemId=content/aip/journal/pop},
volume = {4},
year = {1997}
}
@article{Lang2003,
author = {Lang, P T and Neuhauser, J and Horton, L D and Eich, T and Fattorini, L and Fuchs, J C and Gehre, O and Herrmann, A and Ign{\'{a}}cz, P and Jakobi, M and K{\'{a}}lvin, S and Kaufmann, M and Kocsis, G and Kurzan, B and Maggi, C and Manso, M E and Maraschek, M and Mertens, V and M{\"{u}}ck, A and Murmann, H D and Neu, R and Nunes, I and Reich, D and Reich, M and Saarelma, S and Sandmann, W and Stober, J and Vogl, U and Team, the ASDEX Upgrade},
doi = {10.1088/0029-5515/43/10/012},
file = {:home/joa509/.local/share/data/Mendeley Ltd./Mendeley Desktop/Downloaded/Lang et al. - 2003 - ELM frequency control by continuous small pellet injection in ASDEX Upgrade.pdf:pdf},
isbn = {0029-5515},
issn = {0029-5515},
journal = {Nuclear Fusion},
number = {10},
pages = {1110--1120},
title = {{ELM frequency control by continuous small pellet injection in ASDEX Upgrade}},
url = {http://stacks.iop.org/0029-5515/43/i=10/a=012$\backslash$npapers3://publication/doi/10.1088/0029-5515/43/10/012},
volume = {43},
year = {2003}
}
@article{Lang2013,
author = {Lang, P.T. and Loarte, A. and Saibene, G. and Baylor, L.R. and Becoulet, M. and Cavinato, M. and Clement-Lorenzo, S. and Daly, E. and Evans, T.E. and Fenstermacher, M.E. and Gribov, Y. and Horton, L.D. and Lowry, C. and Martin, Y. and Neubauer, O. and Oyama, N. and Schaffer, M.J. and Stork, D. and Suttrop, W. and Thomas, P. and Tran, M. and Wilson, H.R. and Kavin, A. and Schmitz, O.},
doi = {10.1088/0029-5515/53/4/043004},
file = {:home/joa509/.local/share/data/Mendeley Ltd./Mendeley Desktop/Downloaded/Lang et al. - 2013 - ELM control strategies and tools status and potential for ITER.pdf:pdf},
isbn = {0029-5515$\backslash$r1741-4326},
issn = {0029-5515},
journal = {Nuclear Fusion},
number = {4},
pages = {043004},
title = {{ELM control strategies and tools: status and potential for ITER}},
url = {http://stacks.iop.org/0029-5515/53/i=4/a=043004?key=crossref.d1e825bb1248c66f85fef9b54420b231},
volume = {53},
year = {2013}
}
@article{Leonard1999,
annote = {cited in the citation on p3 of Loarte2014a},
author = {Leonard, A. W. and Herrmann, A. and Itami, K. and Lingertat, J. and Loarte, A. and Osborne, T. H. and Suttrop, W.},
doi = {10.1016/S0022-3115(98)00522-4},
file = {:home/joa509/.local/share/data/Mendeley Ltd./Mendeley Desktop/Downloaded/Leonard et al. - 1999 - The impact of ELMs on the ITER divertor.pdf:pdf},
issn = {00223115},
journal = {Journal of Nuclear Materials},
keywords = {Divertor erosion,ELM,ELMs ITER,ITER,P05,P06},
mendeley-tags = {ELMs ITER},
month = {mar},
pages = {109--117},
title = {{Impact of ELMs on the ITER divertor}},
url = {http://www.sciencedirect.com/science/article/pii/S0022311598005224},
volume = {266},
year = {1999}
}
@article{Loarte2002,
author = {Loarte, a and Becoulet, M and Saibene, G and Sartori, R and Campbell, D J and Eich, T and Herrmann, A and Laux, M and Suttrop, W and Alper, B and Lomas, P J and Matthews, G and Jachmich, S and Ongena, J and Innocente, P and Collaborators, Efda- Jet Workprogramme},
doi = {10.1088/0741-3335/44/9/303},
file = {:home/joa509/Fusion{\_}Frontiers/Papers/p20903.pdf:pdf},
isbn = {0741-3335},
issn = {0741-3335},
journal = {Plasma Physics and Controlled Fusion},
number = {9},
pages = {1815--1844},
title = {{Characteristics and scaling of energy and particle losses during Type I ELMs in JET H-modes}},
volume = {44},
year = {2002}
}
@article{Loarte2010,
author = {Loarte, A and Campbell, D and Gribov, Y and Pitts, R},
number = {October},
pages = {1--637},
title = {{23rd IAEA Fusion Energy Conference, 11–16 October 2010, Daejeon, Republic of Korea, Book of Abstracts}},
url = {https://inis.iaea.org/search/search.aspx?orig{\{}{\_}{\}}q=RN:43043504},
year = {2010}
}
@article{Loarte2014,
author = {Loarte, a and Koechl, F and Leyland, M J and Polevoi, A and Beurskens, M and Parail, V and Nunes, I and Saibene, G R and Sartori, R I a and Contributors, J E T Efda},
doi = {10.1088/0029-5515/54/12/123014},
file = {:home/joa509/.local/share/data/Mendeley Ltd./Mendeley Desktop/Downloaded/Loarte et al. - 2014 - Evolution of plasma parameters in the termination phase of high confinement H-modes at JET and implications for I.pdf:pdf},
issn = {0029-5515},
journal = {Nuclear Fusion},
number = {12},
pages = {123014},
title = {{Evolution of plasma parameters in the termination phase of high confinement H-modes at JET and implications for ITER}},
url = {http://stacks.iop.org/0029-5515/54/i=12/a=123014},
volume = {54},
year = {2014}
}
@article{Loarte2003,
annote = {Referenced in Loarte2014a: "Ip is the key parameter determining the pedestal plasma pressure and, thus, the uncontrolled ELM energy loss under the typical collisionless conditions of the ITER pedestal plasma"

*****After skimming through {\&} searching this paper I can find no reference to what is in quotes above******},
author = {Loarte, a and Saibene, G and Sartori, R and Campbell, D J and Becoulet, M and Horton, L and Eich, T and Herrmann, A and Matthews, G and Asakura, N and Chankin, A and Leonard, A and Porter, G and Federici, G and Janeschitz, G and Shimada, M and Sugihara, M},
doi = {10.1088/0741-3335/45/9/302},
file = {:home/joa509/Fusion{\_}Frontiers/Papers/p30902.pdf:pdf},
isbn = {0741-3335},
issn = {0741-3335},
journal = {Plasma Physics and Controlled Fusion},
number = {9},
pages = {1549--1569},
title = {{Characteristics of type I ELM energy and particle losses in existing devices and their extrapolation to ITER}},
volume = {45},
year = {2003}
}
@article{Loarte2010,
author = {Loarte, A. and Campbell, D. and Gribov, Y. and Pitts, R.},
file = {:home/joa509/Fusion{\_}Frontiers/Papers/IAEA{\_}23rdfusion.pdf:pdf},
number = {October},
pages = {1--637},
title = {{23rd IAEA Fusion Energy Conference, 11–16 October 2010, Daejeon, Republic of Korea, Book of Abstracts}},
url = {https://inis.iaea.org/search/search.aspx?orig{\_}q=RN:43043504},
year = {2010}
}
@article{Loarte2014a,
author = {Loarte, A. and Huijsmans, G. and Futatani, S. and Baylor, L.R. R. and Evans, T.E. E. and Orlov, D. M. and Schmitz, O. and Becoulet, M. and Cahyna, P. and Gribov, Y. and Kavin, A. and Naik, a. Sashala and Campbell, D.J. J. and Casper, T. and Daly, E. and Frerichs, H. and Kischner, A. and Laengner, R. and Lisgo, S. and Pitts, R.a. a. and Saibene, G. and Wingen, A. and {Sashala Naik}, A. and Campbell, D.J. J. and Casper, T. and Daly, E. and Frerichs, H. and Kischner, A. and Laengner, R. and Lisgo, S. and Pitts, R.a. a. and Saibene, G. and Wingen, A.},
doi = {10.1088/0029-5515/54/3/033007},
file = {:home/joa509/Fusion{\_}Frontiers/Papers/nf{\_}54{\_}3{\_}033007.pdf:pdf},
issn = {0029-5515},
journal = {Nuclear Fusion},
number = {3},
pages = {033007},
title = {{Progress on the application of ELM control schemes to ITER scenarios from the non-active phase to DT operation}},
url = {http://iopscience.iop.org/0029-5515/54/3/033007/pdf/0029-5515},
volume = {54},
year = {2014}
}
@article{Maingi2014,
author = {Maingi, R.},
doi = {10.1088/0029-5515/54/11/114016},
file = {:home/joa509/.local/share/data/Mendeley Ltd./Mendeley Desktop/Downloaded/Maingi - 2014 - Enhanced confinement scenarios without large edge localized modes in tokamaks control, performance, and extrapolability.pdf:pdf},
issn = {0029-5515},
journal = {Nuclear Fusion},
keywords = {edge localized mode,heat flux,iter,magnetic perturbations,pellets},
number = {11},
pages = {114016},
title = {{Enhanced confinement scenarios without large edge localized modes in tokamaks: control, performance, and extrapolability issues for ITER}},
url = {http://stacks.iop.org/0029-5515/54/i=11/a=114016?key=crossref.b0269eaddcd7b3d5800f0456e5c48a07},
volume = {54},
year = {2014}
}
@article{Marmar2015,
author = {Marmar, E.S. and Baek, S.G. and Barnard, H. and Bonoli, P. and Brunner, D. and Candy, J. and Canik, J. and Churchill, R.M. and Cziegler, I. and Dekow, G. and Delgado-Aparicio, L. and Diallo, A. and Edlund, E. and Ennever, P. and Faust, I. and Fiore, C. and Gao, Chi and Golfinopoulos, T. and Greenwald, M. and Hartwig, Z.S. and Holland, C. and Hubbard, A.E. and Hughes, J.W. and Hutchinson, I.H. and Irby, J. and LaBombard, B. and Lin, Yijun and Lipschultz, B. and Loarte, A. and Mumgaard, R. and Parker, R.R. and Porkolab, M. and Reinke, M.L. and Rice, J.E. and Scott, S. and Shiraiwa, S. and Snyder, P. and Sorbom, B. and Terry, D. and Terry, J.L. and Theiler, C. and Vieira, R. and Walk, J.R. and Wallace, G.M. and White, A. and Whyte, D. and Wolfe, S.M. and Wright, G.M. and Wright, J. and Wukitch, S.J. and Xu, P.},
doi = {10.1088/0029-5515/55/10/104020},
file = {:home/joa509/.local/share/data/Mendeley Ltd./Mendeley Desktop/Downloaded/Marmar et al. - 2015 - Alcator C-Mod research in support of ITER and steps beyond.pdf:pdf},
issn = {0029-5515},
journal = {Nuclear Fusion},
number = {10},
pages = {104020},
title = {{Alcator C-Mod: research in support of ITER and steps beyond}},
url = {http://iopscience.iop.org/0029-5515/55/10/104020/article/},
volume = {55},
year = {2015}
}
@article{Mordijck2011,
annote = {A Kirk slide 35 reference: ELM suppression in DIII-D},
author = {Mordijck, S and Moyer, R a and Kirk, A and Tamain, P and Temple, D and McKee, G R and Nardon, E},
doi = {10.1088/0741-3335/53/12/122001},
file = {:home/joa509/.local/share/data/Mendeley Ltd./Mendeley Desktop/Downloaded/Mordijck et al. - 2011 - Comparison of resonant magnetic perturbation-induced particle transport changes in H-mode (DIII-D) and L-mode (.pdf:pdf},
isbn = {0741-3335},
issn = {0741-3335},
journal = {Plasma Physics and Controlled Fusion},
number = {12},
pages = {122001},
title = {{Comparison of resonant magnetic perturbation-induced particle transport changes in H-mode (DIII-D) and L-mode (MAST)}},
url = {http://stacks.iop.org/0741-3335/53/i=12/a=122001?key=crossref.2125980fc7a965ca72b43260c9693a1b},
volume = {53},
year = {2011}
}
@article{Orlov2014,
author = {Orlov, D.M. and Moyer, R.a. and Evans, T.E. and Wingen, a. and Buttery, R.J. and Ferraro, N.M. and Grierson, B.a. and Eldon, D. and Watkins, J.G. and Nazikian, R.},
doi = {10.1088/0029-5515/54/9/093008},
file = {:home/joa509/.local/share/data/Mendeley Ltd./Mendeley Desktop/Downloaded/Orlov et al. - 2014 - Comparison of the numerical modelling and experimental measurements of DIII-D separatrix displacements during H-mo.pdf:pdf},
issn = {0029-5515},
journal = {Nuclear Fusion},
keywords = {edge localized modes,elm,elm control,in colour only in,non-axisymmetric magnetic perturbations,resonant magnetic perturbation,rmp,some figures may appear,stochastic magnetic field lines,the online journal,tokamaks},
number = {9},
pages = {093008},
title = {{Comparison of the numerical modelling and experimental measurements of DIII-D separatrix displacements during H-modes with resonant magnetic perturbations}},
url = {http://stacks.iop.org/0029-5515/54/i=9/a=093008?key=crossref.22315a342eee4e989495432c2bae64e1},
volume = {54},
year = {2014}
}
@article{Ozeki1990,
annote = {Cited [6] in ELM review Hill 1997 - Type 2 grassy ELMs},
author = {Ozeki, T and Chu, MS and Lao, LL and Taylor, TS},
doi = {10.1088/0029-5515/30/8/003},
file = {:home/joa509/Fusion{\_}Frontiers/Papers/nf{\_}30{\_}8{\_}003.pdf:pdf},
issn = {00295515},
journal = {Nuclear {\ldots}},
keywords = {Type 2 grassy},
mendeley-tags = {Type 2 grassy},
month = {aug},
number = {8},
pages = {1425--1432},
title = {{Plasma shaping, edge ballooning stability and ELM behaviour in DIII-D}},
url = {http://iopscience.iop.org/0029-5515/30/8/003},
volume = {1425},
year = {1990}
}
@article{Pitcher1999,
author = {Pitcher, C S and Stangeby, P C},
doi = {10.1088/0741-3335/39/6/001},
file = {:home/joa509/.local/share/data/Mendeley Ltd./Mendeley Desktop/Downloaded/Pitcher, Stangeby - 1999 - Experimental divertor physics.pdf:pdf},
isbn = {0741-3335},
issn = {0741-3335},
journal = {Plasma Physics and Controlled Fusion},
number = {6},
pages = {779--930},
title = {{Experimental divertor physics}},
url = {http://stacks.iop.org/0741-3335/39/i=6/a=001},
volume = {39},
year = {1999}
}
@article{Rapp2002,
author = {Rapp, J and Eich, T and Hellermann, M Von and Herrmann, A and Ingesson, L C and Jachmich, S and Matthews, G F and Philipps, V and Saibene, G and Workprogramme, Contributors To the Efda-Jet},
doi = {10.1088/0741-3335/44/6/302},
file = {:home/joa509/.local/share/data/Mendeley Ltd./Mendeley Desktop/Downloaded/Rapp et al. - 2002 - ELM mitigation by nitrogen seeding in the JET gas box divertor.pdf:pdf},
issn = {07413335},
journal = {Plasma Physics and Controlled Fusion},
number = {6},
pages = {639--652},
title = {{ELM mitigation by nitrogen seeding in the JET gas box divertor}},
volume = {44},
year = {2002}
}
@article{Schmitz2008,
author = {Schmitz, O and Evans, T E and Fenstermacher, M E and Frerichs, H and Jakubowski, M W and Schaffer, M J and Wingen, A and West, W P and Brooks, N H and Burrell, K H and DeGrassie, J S and Feng, Y and Finken, K H and Gohil, P and Groth, M and Joseph, I and Lasnier, C J and Lehnen, M and Leonard, a W and Mordijck, S and Moyer, R a and Nicolai, A and Osborne, T H and Reiter, D and Samm, U and Spatschek, K H and Stoschus, H and Unterberg, B and Unterberg, E a and Watkins, J G and Wolf, R},
doi = {10.1088/0741-3335/50/12/124029},
file = {:home/joa509/.local/share/data/Mendeley Ltd./Mendeley Desktop/Downloaded/Schmitz et al. - 2008 - Aspects of three dimensional transport for ELM control experiments in ITER-similar shape plasmas at low collisio.pdf:pdf},
isbn = {0741-3335},
issn = {0741-3335},
journal = {Plasma Physics and Controlled Fusion},
number = {12},
pages = {124029},
title = {{Aspects of three dimensional transport for ELM control experiments in ITER-similar shape plasmas at low collisionality in DIII-D}},
volume = {50},
year = {2008}
}
@article{Schrijver2001,
author = {Schrijver, Carolus J.},
doi = {10.1023/A:1005211925515},
file = {:home/joa509/.local/share/data/Mendeley Ltd./Mendeley Desktop/Downloaded/Schrijver - 2001 - Catastrophic cooling and high-speed downflow in quiescent solar coronal loops observed with trace.pdf:pdf},
issn = {00380938},
journal = {Solar Physics},
number = {2},
pages = {325--345},
title = {{Catastrophic cooling and high-speed downflow in quiescent solar coronal loops observed with trace}},
volume = {198},
year = {2001}
}
@article{Wagner2007,
author = {F, Wagner},
doi = {10.1088/0741-3335/49/12B/S01},
file = {:home/joa509/Fusion{\_}Frontiers/Papers/ppcf7{\_}12B{\_}S01.pdf:pdf},
isbn = {0741-3335},
issn = {0741-3335},
journal = {Plasma Physics and Controlled Fusion},
keywords = {H-mode},
mendeley-tags = {H-mode},
number = {12B},
pages = {1--33},
title = {{A quarter-century of H-mode studies}},
url = {stacks.iop.org/PPCF/49/B1
Abstract},
volume = {49},
year = {2007}
}
@article{Shanahan2014,
author = {Shanahan, B W and Dudson, B D},
doi = {10.1088/1742-6596/561/1/012015},
file = {:home/joa509/.local/share/data/Mendeley Ltd./Mendeley Desktop/Downloaded/Shanahan, Dudson - 2014 - X-point modelling in linear configurations using BOUT.pdf:pdf},
issn = {1742-6588},
journal = {Journal of Physics: Conference Series},
pages = {012015},
title = {{X-point modelling in linear configurations using BOUT++}},
url = {http://stacks.iop.org/1742-6596/561/i=1/a=012015?key=crossref.e1c2548b77c08f0027888bd79b212ca8},
volume = {561},
year = {2014}
}
@article{Snyder,
author = {Snyder, Philip and Groebner, Richard and Atomics, General},
file = {:home/joa509/.local/share/data/Mendeley Ltd./Mendeley Desktop/Downloaded/Snyder, Groebner, Atomics - Unknown - Type I El Ms Type Iii Elms L-Mode.pdf:pdf},
title = {{Type I El Ms Type Iii Elms L-Mode}}
}
@article{Suttrop2011,
author = {Suttrop, W. and Eich, T. and Fuchs, J. C. and G{\"{u}}nter, S. and Janzer, A. and Herrmann, A. and Kallenbach, A. and Lang, P. T. and Lunt, T. and Maraschek, M. and McDermott, R. M. and Mlynek, A. and P{\"{u}}tterich, T. and Rott, M. and Vierle, T. and Wolfrum, E. and Yu, Q. and Zammuto, I. and Zohm, H.},
doi = {10.1103/PhysRevLett.106.225004},
file = {:home/joa509/.local/share/data/Mendeley Ltd./Mendeley Desktop/Downloaded/Suttrop et al. - 2011 - First observation of edge localized modes mitigation with resonant and nonresonant magnetic perturbations in ASD.pdf:pdf},
isbn = {1079-7114 (Electronic)$\backslash$n0031-9007 (Linking)},
issn = {00319007},
journal = {Physical Review Letters},
number = {22},
pages = {1--4},
pmid = {21702608},
title = {{First observation of edge localized modes mitigation with resonant and nonresonant magnetic perturbations in ASDEX upgrade}},
volume = {106},
year = {2011}
}
@article{Wade2009,
author = {Wade, M. R.},
doi = {10.1016/j.fusengdes.2009.01.063},
file = {:home/joa509/.local/share/data/Mendeley Ltd./Mendeley Desktop/Downloaded/Wade - 2009 - Physics and engineering issues associated with edge localized mode control in ITER.pdf:pdf},
issn = {09203796},
journal = {Fusion Engineering and Design},
keywords = {DIII-D,ELMs,ITER},
number = {2-6},
pages = {178--185},
title = {{Physics and engineering issues associated with edge localized mode control in ITER}},
volume = {84},
year = {2009}
}
@article{Wade2015,
author = {Wade, M. R. and Nazikian, R. and DeGrassie, J. S. and Evans, T. E. and Ferraro, N. M. and Moyer, R. A. and Orlov, D. M. and Buttery, R. J. and Fenstermacher, M. E. and Garofalo, A. M. and Lanctot, M. J. and McKee, G. R. and Osborne, T. H. and Shafer, M. A. and Solomon, W. M. and Snyder, P. B. and Suttrop, W. and Wingen, A. and Unterberg, E. A. and Zeng, L.},
doi = {10.1088/0029-5515/55/2/023002},
file = {:home/joa509/.local/share/data/Mendeley Ltd./Mendeley Desktop/Downloaded/Wade et al. - 2015 - Advances in the physics understanding of ELM suppression using resonant magnetic perturbations in DIII-D.pdf:pdf},
issn = {0029-5515},
journal = {Nuclear Fusion},
number = {2},
pages = {23002},
publisher = {IOP Publishing},
title = {{Advances in the physics understanding of ELM suppression using resonant magnetic perturbations in DIII-D}},
url = {http://stacks.iop.org/0029-5515/55/i=2/a=023002},
volume = {55},
year = {2015}
}
@article{Wischmeier2009,
author = {Wischmeier, M. and Groth, M. and Kallenbach, A. and Chankin, A. V. and Coster, D. P. and Dux, R. and Herrmann, A. and M{\"{u}}ller, H. W. and Pugno, R. and Reiter, D. and Scarabosio, A. and Watkins, J. G.},
doi = {10.1016/j.jnucmat.2009.01.081},
file = {:home/joa509/.local/share/data/Mendeley Ltd./Mendeley Desktop/Downloaded/Wischmeier et al. - 2009 - Current understanding of divertor detachment Experiments and modelling.pdf:pdf},
isbn = {0022-3115},
issn = {00223115},
journal = {Journal of Nuclear Materials},
number = {1},
pages = {250--254},
publisher = {Elsevier B.V.},
title = {{Current understanding of divertor detachment: Experiments and modelling}},
url = {http://dx.doi.org/10.1016/j.jnucmat.2009.01.081},
volume = {390-391},
year = {2009}
}
